
@Manual{R2022language,
    title = {R: A Language and Environment for Statistical Computing},
    author = {{R Core Team}},
    organization = {R Foundation for Statistical Computing},
    address = {Vienna, Austria},
    year = {2022},
    url = {https://www.R-project.org/},
}



@Article{Bates2015lme4,
    title = {Fitting Linear Mixed-Effects Models Using {lme4}},
    author = {Douglas Bates and Martin M{\"a}chler and Ben Bolker and Steve Walker},
    journal = {Journal of Statistical Software},
    year = {2015},
    volume = {67},
    number = {1},
    pages = {1--48},
    doi = {10.18637/jss.v067.i01},
}

@book{Gelman2006data,
	doi = {10.1017/cbo9780511790942},
	url = {https://doi.org/10.1017/cbo9780511790942},
	year = 2006,
	month = {dec},
	publisher = {Cambridge University Press},
	author = {Andrew Gelman and Jennifer Hill},
	title = {Data Analysis Using Regression and Multilevel/Hierarchical Models}
}



@book{Rubin1987multiple,
	doi = {10.1002/9780470316696},
	url = {https://doi.org/10.1002/9780470316696},
	year = 1987,
	month = {jun},
	publisher = {John Wiley {\&} Sons, Inc.},
	editor = {Donald B. Rubin},
	title = {Multiple Imputation for Nonresponse in Surveys}
}

@book{Vanbuuren1999flexible,
 author = {{van Buuren}, S. and Groothuis-Oudshoorn, C. G. M.},
 publisher = {TNO Prevention and Health},
 title = {Flexible Multivariate Imputation by MICE},
 volume = {PG/VGZ/99.054},
 year = {1999}
}


@Article{vanBuuren2011mice,
    title = {{mice}: Multivariate Imputation by Chained Equations in {R}},
    author = {Stef {van Buuren} and Karin Groothuis-Oudshoorn},
    journal = {Journal of Statistical Software},
    year = {2011},
    volume = {45},
    number = {3},
    pages = {1-67},
    doi = {10.18637/jss.v045.i03},
}

@book{Little1987statistical,
  title={Statistical Analysis With Missing Data},
  author={Little, R.J.A. and Rubin, D.B.},
  isbn={9780471802549},
  lccn={86019075},
  series={Wiley Series in Probability and Statistics},
  year={1987},
  publisher={Wiley}
}

@article{Rubin1976inference,
  doi = {10.1093/biomet/63.3.581},
  url = {https://doi.org/10.1093/biomet/63.3.581},
  year = {1976},
  publisher = {Oxford University Press},
  volume = {63},
  number = {3},
  pages = {581--592},
  author = {Donald B. Rubin},
  title = {Inference and missing data},
  journal = {Biometrika}
}


@article{MitraReiter2016,
  doi = {10.1177/0962280212445945},
  year = {2016},
  volume = {25},
  number = {1},
  pages = {188-204},
  author = {Mitra, R. and Reiter, J.},
  title = {A comparison of two methods of estimating propensity scores after multiple imputation},
  journal = {Statistical Methods in Medical Research}
}


@article{JenniferHill2004,
  year = {2004},
  volume = {25},
  number = {1},
  pages = {188-204},
  author = {Jennifer Hill},
  title = {REDUCING BIAS IN TREATMENT EFFECT ESTIMATION IN OBSERVATIONAL STUDIES SUFFERING FROM MISSING DATA},
  journal = {Institute for Social and Economic Research and Policy}
}

@article{LeyratEtAl2019,
  doi = {10.1177/0962280217713032},
  year = {2019},
  volume = {28},
  number = {1},
  pages = {3-19},
  author = {Clemence Leyrat,Shaun R Seaman,Ian R White,Ian Douglas,
Liam Smeeth,Joseph Kim,Matthieu Resche-Rigon,James R Carpenter and Elizabeth J Williamson},
  title = {Propensity score analysis with partially observed covariates: How should multiple imputation be used?},
  journal = {Statistical Methods in Medical Research}
}
